<?xml version="1.0" encoding="UTF-8"?><record xmlns="http://www.loc.gov/MARC21/slim" xmlns:cinclude="http://apache.org/cocoon/include/1.0" xmlns:zs="http://www.loc.gov/zing/srw/">
  <leader>00601cz  a2200145n  4500</leader>
  <controlfield tag="001">no2003035640</controlfield>
  <controlfield tag="003">DLC</controlfield>
  <controlfield tag="005">20051005052439.0</controlfield>
  <controlfield tag="008">030409n| acannaabn           n aaa     c</controlfield>
  <datafield tag="010" ind1=" " ind2=" ">
    <subfield code="a">no2003035640</subfield>
  </datafield>
  <datafield tag="035" ind1=" " ind2=" ">
    <subfield code="a">(OCoLC)oca06020808</subfield>
  </datafield>
  <datafield tag="040" ind1=" " ind2=" ">
    <subfield code="a">RPB-M</subfield>
    <subfield code="b">eng</subfield>
    <subfield code="c">RPB-M</subfield>
    <subfield code="d">PPi-MA</subfield>
  </datafield>
  <datafield tag="100" ind1="1" ind2=" ">
    <subfield code="a">Parker, Malinda Jackson</subfield>
  </datafield>
  <datafield tag="670" ind1=" " ind2=" ">
    <subfield code="a">Songs in the key of Z [SR] p2000:</subfield>
    <subfield code="b">insert (Congress-Woman Malinda Jackson Parker, singer and pianist; former member of Liberia's House of Representatives)</subfield>
  </datafield>
  <datafield tag="670" ind1=" " ind2=" ">
    <subfield code="a">Songs in the key of Z. Vol. 2 [SR] p2002:</subfield>
    <subfield code="b">insert (Congress-Woman Malinda Jackson Parker) insert (d. in the mid-1970s)</subfield>
  </datafield>
</record>